%YAML 1.1
%TAG !u! tag:unity3d.com,2011:
--- !u!1 &5745437214265352091
GameObject:
  m_ObjectHideFlags: 0
  m_CorrespondingSourceObject: {fileID: 0}
  m_PrefabInstance: {fileID: 0}
  m_PrefabAsset: {fileID: 0}
  serializedVersion: 6
  m_Component:
  - component: {fileID: 5745437214265352090}
  - component: {fileID: 7146295226759893392}
  m_Layer: 0
  m_Name: StreetTile_Crosswalk_1b
  m_TagString: Untagged
  m_Icon: {fileID: 0}
  m_NavMeshLayer: 0
  m_StaticEditorFlags: 0
  m_IsActive: 1
--- !u!4 &5745437214265352090
Transform:
  m_ObjectHideFlags: 0
  m_CorrespondingSourceObject: {fileID: 0}
  m_PrefabInstance: {fileID: 0}
  m_PrefabAsset: {fileID: 0}
  m_GameObject: {fileID: 5745437214265352091}
  m_LocalRotation: {x: 0, y: 0, z: 0, w: 1}
  m_LocalPosition: {x: 0, y: 0, z: 0}
  m_LocalScale: {x: 1, y: 1, z: 1}
  m_Children:
  - {fileID: 8612678096225608366}
  - {fileID: 5533919063031390238}
  - {fileID: 431503681227133030}
  - {fileID: 5745437214514608221}
  m_Father: {fileID: 0}
  m_RootOrder: 0
  m_LocalEulerAnglesHint: {x: 0, y: 0, z: 0}
--- !u!114 &7146295226759893392
MonoBehaviour:
  m_ObjectHideFlags: 0
  m_CorrespondingSourceObject: {fileID: 0}
  m_PrefabInstance: {fileID: 0}
  m_PrefabAsset: {fileID: 0}
  m_GameObject: {fileID: 5745437214265352091}
  m_Enabled: 1
  m_EditorHideFlags: 0
  m_Script: {fileID: 11500000, guid: bc398805fb323d14dbaeab13d184d549, type: 3}
  m_Name: 
  m_EditorClassIdentifier: 
  NoDamageTile: {fileID: 8993039418132592660}
  MinorDamageTile: {fileID: 5154298020813077156}
  MajorDamageTile: {fileID: 1060266635973184220}
  DamageEffects: {fileID: 4772858015973803246, guid: 7b8f6395e43d14b43b4dd5d0d892e75e,
    type: 3}
  DamageEffectsTransform: {fileID: 5745437214514608221}
  maxHealth: 200
  health: 0
  percentChanceOfDamage: 0.5
  damage: 50
  minorMaxDamagePercent: 0.75
  majorMaxDamagePercent: 1
--- !u!1 &5745437214514608210
GameObject:
  m_ObjectHideFlags: 0
  m_CorrespondingSourceObject: {fileID: 0}
  m_PrefabInstance: {fileID: 0}
  m_PrefabAsset: {fileID: 0}
  serializedVersion: 6
  m_Component:
  - component: {fileID: 5745437214514608221}
  m_Layer: 0
  m_Name: EffectsPos
  m_TagString: Untagged
  m_Icon: {fileID: 0}
  m_NavMeshLayer: 0
  m_StaticEditorFlags: 0
  m_IsActive: 1
--- !u!4 &5745437214514608221
Transform:
  m_ObjectHideFlags: 0
  m_CorrespondingSourceObject: {fileID: 0}
  m_PrefabInstance: {fileID: 0}
  m_PrefabAsset: {fileID: 0}
  m_GameObject: {fileID: 5745437214514608210}
  m_LocalRotation: {x: 0, y: 0, z: 0, w: 1}
  m_LocalPosition: {x: 0.8, y: 0.5, z: -0.8}
  m_LocalScale: {x: 1, y: 1, z: 1}
  m_Children: []
  m_Father: {fileID: 5745437214265352090}
  m_RootOrder: 3
  m_LocalEulerAnglesHint: {x: 0, y: 0, z: 0}
--- !u!1001 &1539196760983914336
PrefabInstance:
  m_ObjectHideFlags: 0
  serializedVersion: 2
  m_Modification:
    m_TransformParent: {fileID: 5745437214265352090}
    m_Modifications:
    - target: {fileID: 5970627351777590724, guid: d6049af5d6cc05b4da99793c71d68dca,
        type: 3}
      propertyPath: m_Name
      value: StreetTile_Crosswalk_1b_mi
      objectReference: {fileID: 0}
    - target: {fileID: 5970627351777590724, guid: d6049af5d6cc05b4da99793c71d68dca,
        type: 3}
      propertyPath: m_IsActive
      value: 0
      objectReference: {fileID: 0}
    - target: {fileID: 6453725739125532542, guid: d6049af5d6cc05b4da99793c71d68dca,
        type: 3}
      propertyPath: m_RootOrder
      value: 1
      objectReference: {fileID: 0}
    - target: {fileID: 6453725739125532542, guid: d6049af5d6cc05b4da99793c71d68dca,
        type: 3}
      propertyPath: m_LocalPosition.x
      value: 0
      objectReference: {fileID: 0}
    - target: {fileID: 6453725739125532542, guid: d6049af5d6cc05b4da99793c71d68dca,
        type: 3}
      propertyPath: m_LocalPosition.y
      value: 0
      objectReference: {fileID: 0}
    - target: {fileID: 6453725739125532542, guid: d6049af5d6cc05b4da99793c71d68dca,
        type: 3}
      propertyPath: m_LocalPosition.z
      value: 0
      objectReference: {fileID: 0}
    - target: {fileID: 6453725739125532542, guid: d6049af5d6cc05b4da99793c71d68dca,
        type: 3}
      propertyPath: m_LocalRotation.w
      value: 1
      objectReference: {fileID: 0}
    - target: {fileID: 6453725739125532542, guid: d6049af5d6cc05b4da99793c71d68dca,
        type: 3}
      propertyPath: m_LocalRotation.x
      value: -0
      objectReference: {fileID: 0}
    - target: {fileID: 6453725739125532542, guid: d6049af5d6cc05b4da99793c71d68dca,
        type: 3}
      propertyPath: m_LocalRotation.y
      value: -0
      objectReference: {fileID: 0}
    - target: {fileID: 6453725739125532542, guid: d6049af5d6cc05b4da99793c71d68dca,
        type: 3}
      propertyPath: m_LocalRotation.z
      value: -0
      objectReference: {fileID: 0}
    - target: {fileID: 6453725739125532542, guid: d6049af5d6cc05b4da99793c71d68dca,
        type: 3}
      propertyPath: m_LocalEulerAnglesHint.x
      value: 0
      objectReference: {fileID: 0}
    - target: {fileID: 6453725739125532542, guid: d6049af5d6cc05b4da99793c71d68dca,
        type: 3}
      propertyPath: m_LocalEulerAnglesHint.y
      value: 0
      objectReference: {fileID: 0}
    - target: {fileID: 6453725739125532542, guid: d6049af5d6cc05b4da99793c71d68dca,
        type: 3}
      propertyPath: m_LocalEulerAnglesHint.z
      value: 0
      objectReference: {fileID: 0}
    m_RemovedComponents: []
  m_SourcePrefab: {fileID: 100100000, guid: d6049af5d6cc05b4da99793c71d68dca, type: 3}
--- !u!1 &5154298020813077156 stripped
GameObject:
  m_CorrespondingSourceObject: {fileID: 5970627351777590724, guid: d6049af5d6cc05b4da99793c71d68dca,
    type: 3}
  m_PrefabInstance: {fileID: 1539196760983914336}
  m_PrefabAsset: {fileID: 0}
--- !u!4 &5533919063031390238 stripped
Transform:
  m_CorrespondingSourceObject: {fileID: 6453725739125532542, guid: d6049af5d6cc05b4da99793c71d68dca,
    type: 3}
  m_PrefabInstance: {fileID: 1539196760983914336}
  m_PrefabAsset: {fileID: 0}
--- !u!1001 &4972871486444609567
PrefabInstance:
  m_ObjectHideFlags: 0
  serializedVersion: 2
  m_Modification:
    m_TransformParent: {fileID: 5745437214265352090}
    m_Modifications:
    - target: {fileID: 4683235686040612985, guid: 907225d325355644088194dd918ef8d2,
        type: 3}
      propertyPath: m_RootOrder
      value: 2
      objectReference: {fileID: 0}
    - target: {fileID: 4683235686040612985, guid: 907225d325355644088194dd918ef8d2,
        type: 3}
      propertyPath: m_LocalPosition.x
      value: 0
      objectReference: {fileID: 0}
    - target: {fileID: 4683235686040612985, guid: 907225d325355644088194dd918ef8d2,
        type: 3}
      propertyPath: m_LocalPosition.y
      value: 0
      objectReference: {fileID: 0}
    - target: {fileID: 4683235686040612985, guid: 907225d325355644088194dd918ef8d2,
        type: 3}
      propertyPath: m_LocalPosition.z
      value: 0
      objectReference: {fileID: 0}
    - target: {fileID: 4683235686040612985, guid: 907225d325355644088194dd918ef8d2,
        type: 3}
      propertyPath: m_LocalRotation.w
      value: 1
      objectReference: {fileID: 0}
    - target: {fileID: 4683235686040612985, guid: 907225d325355644088194dd918ef8d2,
        type: 3}
      propertyPath: m_LocalRotation.x
      value: -0
      objectReference: {fileID: 0}
    - target: {fileID: 4683235686040612985, guid: 907225d325355644088194dd918ef8d2,
        type: 3}
      propertyPath: m_LocalRotation.y
      value: -0
      objectReference: {fileID: 0}
    - target: {fileID: 4683235686040612985, guid: 907225d325355644088194dd918ef8d2,
        type: 3}
      propertyPath: m_LocalRotation.z
      value: -0
      objectReference: {fileID: 0}
    - target: {fileID: 4683235686040612985, guid: 907225d325355644088194dd918ef8d2,
        type: 3}
      propertyPath: m_LocalEulerAnglesHint.x
      value: 0
      objectReference: {fileID: 0}
    - target: {fileID: 4683235686040612985, guid: 907225d325355644088194dd918ef8d2,
        type: 3}
      propertyPath: m_LocalEulerAnglesHint.y
      value: 0
      objectReference: {fileID: 0}
    - target: {fileID: 4683235686040612985, guid: 907225d325355644088194dd918ef8d2,
        type: 3}
      propertyPath: m_LocalEulerAnglesHint.z
      value: 0
      objectReference: {fileID: 0}
    - target: {fileID: 5455515733525162691, guid: 907225d325355644088194dd918ef8d2,
        type: 3}
      propertyPath: m_Name
      value: StreetTile_Crosswalk_1b_M
      objectReference: {fileID: 0}
    - target: {fileID: 5455515733525162691, guid: 907225d325355644088194dd918ef8d2,
        type: 3}
      propertyPath: m_IsActive
      value: 0
      objectReference: {fileID: 0}
    m_RemovedComponents: []
  m_SourcePrefab: {fileID: 100100000, guid: 907225d325355644088194dd918ef8d2, type: 3}
--- !u!1 &1060266635973184220 stripped
GameObject:
  m_CorrespondingSourceObject: {fileID: 5455515733525162691, guid: 907225d325355644088194dd918ef8d2,
    type: 3}
  m_PrefabInstance: {fileID: 4972871486444609567}
  m_PrefabAsset: {fileID: 0}
--- !u!4 &431503681227133030 stripped
Transform:
  m_CorrespondingSourceObject: {fileID: 4683235686040612985, guid: 907225d325355644088194dd918ef8d2,
    type: 3}
  m_PrefabInstance: {fileID: 4972871486444609567}
  m_PrefabAsset: {fileID: 0}
--- !u!1001 &5745437213643921987
PrefabInstance:
  m_ObjectHideFlags: 0
  serializedVersion: 2
  m_Modification:
    m_TransformParent: {fileID: 5745437214265352090}
    m_Modifications:
    - target: {fileID: 3708244804466811479, guid: 9c4eab0f7126f4b488c251d566638cea,
        type: 3}
      propertyPath: m_Name
      value: StreetTile_Crosswalk_1
      objectReference: {fileID: 0}
    - target: {fileID: 4052542214505429229, guid: 9c4eab0f7126f4b488c251d566638cea,
        type: 3}
      propertyPath: m_RootOrder
      value: 0
      objectReference: {fileID: 0}
    - target: {fileID: 4052542214505429229, guid: 9c4eab0f7126f4b488c251d566638cea,
        type: 3}
      propertyPath: m_LocalPosition.x
      value: 0
      objectReference: {fileID: 0}
    - target: {fileID: 4052542214505429229, guid: 9c4eab0f7126f4b488c251d566638cea,
        type: 3}
      propertyPath: m_LocalPosition.y
      value: 0
      objectReference: {fileID: 0}
    - target: {fileID: 4052542214505429229, guid: 9c4eab0f7126f4b488c251d566638cea,
        type: 3}
      propertyPath: m_LocalPosition.z
      value: 0
      objectReference: {fileID: 0}
    - target: {fileID: 4052542214505429229, guid: 9c4eab0f7126f4b488c251d566638cea,
        type: 3}
      propertyPath: m_LocalRotation.w
      value: 1
      objectReference: {fileID: 0}
    - target: {fileID: 4052542214505429229, guid: 9c4eab0f7126f4b488c251d566638cea,
        type: 3}
      propertyPath: m_LocalRotation.x
      value: 0
      objectReference: {fileID: 0}
    - target: {fileID: 4052542214505429229, guid: 9c4eab0f7126f4b488c251d566638cea,
        type: 3}
      propertyPath: m_LocalRotation.y
      value: -0
      objectReference: {fileID: 0}
    - target: {fileID: 4052542214505429229, guid: 9c4eab0f7126f4b488c251d566638cea,
        type: 3}
      propertyPath: m_LocalRotation.z
      value: -0
      objectReference: {fileID: 0}
    - target: {fileID: 4052542214505429229, guid: 9c4eab0f7126f4b488c251d566638cea,
        type: 3}
      propertyPath: m_LocalEulerAnglesHint.x
      value: 0
      objectReference: {fileID: 0}
    - target: {fileID: 4052542214505429229, guid: 9c4eab0f7126f4b488c251d566638cea,
        type: 3}
      propertyPath: m_LocalEulerAnglesHint.y
      value: 0
      objectReference: {fileID: 0}
    - target: {fileID: 4052542214505429229, guid: 9c4eab0f7126f4b488c251d566638cea,
        type: 3}
      propertyPath: m_LocalEulerAnglesHint.z
      value: 0
      objectReference: {fileID: 0}
    m_RemovedComponents: []
  m_SourcePrefab: {fileID: 100100000, guid: 9c4eab0f7126f4b488c251d566638cea, type: 3}
--- !u!1 &8993039418132592660 stripped
GameObject:
  m_CorrespondingSourceObject: {fileID: 3708244804466811479, guid: 9c4eab0f7126f4b488c251d566638cea,
    type: 3}
  m_PrefabInstance: {fileID: 5745437213643921987}
  m_PrefabAsset: {fileID: 0}
--- !u!4 &8612678096225608366 stripped
Transform:
  m_CorrespondingSourceObject: {fileID: 4052542214505429229, guid: 9c4eab0f7126f4b488c251d566638cea,
    type: 3}
  m_PrefabInstance: {fileID: 5745437213643921987}
  m_PrefabAsset: {fileID: 0}
