%YAML 1.1
%TAG !u! tag:unity3d.com,2011:
--- !u!1 &7218899027084138318
GameObject:
  m_ObjectHideFlags: 0
  m_CorrespondingSourceObject: {fileID: 0}
  m_PrefabInstance: {fileID: 0}
  m_PrefabAsset: {fileID: 0}
  serializedVersion: 6
  m_Component:
  - component: {fileID: 7218899027084138317}
  - component: {fileID: 7218899027084138315}
  - component: {fileID: 2060589037}
  m_Layer: 0
  m_Name: StreetTile_1a
  m_TagString: Untagged
  m_Icon: {fileID: 0}
  m_NavMeshLayer: 0
  m_StaticEditorFlags: 0
  m_IsActive: 1
--- !u!4 &7218899027084138317
Transform:
  m_ObjectHideFlags: 0
  m_CorrespondingSourceObject: {fileID: 0}
  m_PrefabInstance: {fileID: 0}
  m_PrefabAsset: {fileID: 0}
  m_GameObject: {fileID: 7218899027084138318}
  m_LocalRotation: {x: 0, y: 0, z: 0, w: 1}
  m_LocalPosition: {x: 0, y: 0, z: 0}
  m_LocalScale: {x: 1, y: 1, z: 1}
  m_ConstrainProportionsScale: 0
  m_Children:
  - {fileID: 8392998154447592298}
  - {fileID: 5410683551216124805}
  - {fileID: 7492070889418061274}
  - {fileID: 6001900370173815996}
  m_Father: {fileID: 0}
  m_RootOrder: 0
  m_LocalEulerAnglesHint: {x: 0, y: 0, z: 0}
--- !u!114 &7218899027084138315
MonoBehaviour:
  m_ObjectHideFlags: 0
  m_CorrespondingSourceObject: {fileID: 0}
  m_PrefabInstance: {fileID: 0}
  m_PrefabAsset: {fileID: 0}
  m_GameObject: {fileID: 7218899027084138318}
  m_Enabled: 1
  m_EditorHideFlags: 0
  m_Script: {fileID: 11500000, guid: bc398805fb323d14dbaeab13d184d549, type: 3}
  m_Name: 
  m_EditorClassIdentifier: 
  NoDamageTile: {fileID: 9165454123274584528}
  MinorDamageTile: {fileID: 4637947481286056255}
  MajorDamageTile: {fileID: 7832602441248845664}
  DamageEffects: {fileID: 4772858015973803246, guid: 7b8f6395e43d14b43b4dd5d0d892e75e,
    type: 3}
  DamageEffectsTransform: {fileID: 6001900370173815996}
  maxHealth: 200
  health: 0
  percentChanceOfDamage: 0.75
  damage: 50
  minorMaxDamagePercent: 0.75
  majorMaxDamagePercent: 1
--- !u!114 &2060589037
MonoBehaviour:
  m_ObjectHideFlags: 0
  m_CorrespondingSourceObject: {fileID: 0}
  m_PrefabInstance: {fileID: 0}
  m_PrefabAsset: {fileID: 0}
  m_GameObject: {fileID: 7218899027084138318}
  m_Enabled: 1
  m_EditorHideFlags: 0
  m_Script: {fileID: 11500000, guid: f7c3d7fdc3866b84cbb3d36e756855ec, type: 3}
  m_Name: 
  m_EditorClassIdentifier: 
  destructionObjects:
  - {fileID: 2908768598257583618, guid: 4f9f479ecd6ef3e4f942ed0e96ac0a96, type: 3}
  - {fileID: 2488762473174016426, guid: bc5bc6c854621fa4dacaaf268c54b7dd, type: 3}
  - {fileID: 5110926579463692112, guid: 583de1300e1ac214b8fd9fca24cc6a39, type: 3}
  offset: {x: 0.8, y: 0.25, z: -0.8}
  radius: 0.75
--- !u!1 &7957367631135307273
GameObject:
  m_ObjectHideFlags: 0
  m_CorrespondingSourceObject: {fileID: 0}
  m_PrefabInstance: {fileID: 0}
  m_PrefabAsset: {fileID: 0}
  serializedVersion: 6
  m_Component:
  - component: {fileID: 6001900370173815996}
  m_Layer: 0
  m_Name: EffectsPos
  m_TagString: Untagged
  m_Icon: {fileID: 0}
  m_NavMeshLayer: 0
  m_StaticEditorFlags: 0
  m_IsActive: 1
--- !u!4 &6001900370173815996
Transform:
  m_ObjectHideFlags: 0
  m_CorrespondingSourceObject: {fileID: 0}
  m_PrefabInstance: {fileID: 0}
  m_PrefabAsset: {fileID: 0}
  m_GameObject: {fileID: 7957367631135307273}
  m_LocalRotation: {x: 0, y: 0, z: 0, w: 1}
  m_LocalPosition: {x: 0.8, y: 0.5, z: -0.8}
  m_LocalScale: {x: 1, y: 1, z: 1}
  m_ConstrainProportionsScale: 0
  m_Children: []
  m_Father: {fileID: 7218899027084138317}
  m_RootOrder: 3
  m_LocalEulerAnglesHint: {x: 0, y: 0, z: 0}
--- !u!1001 &4514798848204689162
PrefabInstance:
  m_ObjectHideFlags: 0
  serializedVersion: 2
  m_Modification:
    m_TransformParent: {fileID: 7218899027084138317}
    m_Modifications:
    - target: {fileID: 4725949840234548954, guid: 09341137a47d50744aa12a61ae7110cc,
        type: 3}
      propertyPath: m_Name
      value: StreetTileNormal
      objectReference: {fileID: 0}
    - target: {fileID: 5394787868152353888, guid: 09341137a47d50744aa12a61ae7110cc,
        type: 3}
      propertyPath: m_RootOrder
      value: 0
      objectReference: {fileID: 0}
    - target: {fileID: 5394787868152353888, guid: 09341137a47d50744aa12a61ae7110cc,
        type: 3}
      propertyPath: m_LocalPosition.x
      value: 0
      objectReference: {fileID: 0}
    - target: {fileID: 5394787868152353888, guid: 09341137a47d50744aa12a61ae7110cc,
        type: 3}
      propertyPath: m_LocalPosition.y
      value: 0
      objectReference: {fileID: 0}
    - target: {fileID: 5394787868152353888, guid: 09341137a47d50744aa12a61ae7110cc,
        type: 3}
      propertyPath: m_LocalPosition.z
      value: 0
      objectReference: {fileID: 0}
    - target: {fileID: 5394787868152353888, guid: 09341137a47d50744aa12a61ae7110cc,
        type: 3}
      propertyPath: m_LocalRotation.w
      value: 1
      objectReference: {fileID: 0}
    - target: {fileID: 5394787868152353888, guid: 09341137a47d50744aa12a61ae7110cc,
        type: 3}
      propertyPath: m_LocalRotation.x
      value: -0
      objectReference: {fileID: 0}
    - target: {fileID: 5394787868152353888, guid: 09341137a47d50744aa12a61ae7110cc,
        type: 3}
      propertyPath: m_LocalRotation.y
      value: -0
      objectReference: {fileID: 0}
    - target: {fileID: 5394787868152353888, guid: 09341137a47d50744aa12a61ae7110cc,
        type: 3}
      propertyPath: m_LocalRotation.z
      value: -0
      objectReference: {fileID: 0}
    - target: {fileID: 5394787868152353888, guid: 09341137a47d50744aa12a61ae7110cc,
        type: 3}
      propertyPath: m_LocalEulerAnglesHint.x
      value: 0
      objectReference: {fileID: 0}
    - target: {fileID: 5394787868152353888, guid: 09341137a47d50744aa12a61ae7110cc,
        type: 3}
      propertyPath: m_LocalEulerAnglesHint.y
      value: 0
      objectReference: {fileID: 0}
    - target: {fileID: 5394787868152353888, guid: 09341137a47d50744aa12a61ae7110cc,
        type: 3}
      propertyPath: m_LocalEulerAnglesHint.z
      value: 0
      objectReference: {fileID: 0}
    m_RemovedComponents: []
  m_SourcePrefab: {fileID: 100100000, guid: 09341137a47d50744aa12a61ae7110cc, type: 3}
--- !u!4 &8392998154447592298 stripped
Transform:
  m_CorrespondingSourceObject: {fileID: 5394787868152353888, guid: 09341137a47d50744aa12a61ae7110cc,
    type: 3}
  m_PrefabInstance: {fileID: 4514798848204689162}
  m_PrefabAsset: {fileID: 0}
--- !u!1 &9165454123274584528 stripped
GameObject:
  m_CorrespondingSourceObject: {fileID: 4725949840234548954, guid: 09341137a47d50744aa12a61ae7110cc,
    type: 3}
  m_PrefabInstance: {fileID: 4514798848204689162}
  m_PrefabAsset: {fileID: 0}
--- !u!1001 &7218899025556736895
PrefabInstance:
  m_ObjectHideFlags: 0
  serializedVersion: 2
  m_Modification:
    m_TransformParent: {fileID: 7218899027084138317}
    m_Modifications:
    - target: {fileID: 2626692338512040512, guid: cc9874676f79d014c8426d214123da6b,
        type: 3}
      propertyPath: m_Name
      value: StreetTile_1a_c_mi
      objectReference: {fileID: 0}
    - target: {fileID: 2626692338512040512, guid: cc9874676f79d014c8426d214123da6b,
        type: 3}
      propertyPath: m_IsActive
      value: 0
      objectReference: {fileID: 0}
    - target: {fileID: 3402524971907434746, guid: cc9874676f79d014c8426d214123da6b,
        type: 3}
      propertyPath: m_RootOrder
      value: 1
      objectReference: {fileID: 0}
    - target: {fileID: 3402524971907434746, guid: cc9874676f79d014c8426d214123da6b,
        type: 3}
      propertyPath: m_LocalPosition.x
      value: 0
      objectReference: {fileID: 0}
    - target: {fileID: 3402524971907434746, guid: cc9874676f79d014c8426d214123da6b,
        type: 3}
      propertyPath: m_LocalPosition.y
      value: 0
      objectReference: {fileID: 0}
    - target: {fileID: 3402524971907434746, guid: cc9874676f79d014c8426d214123da6b,
        type: 3}
      propertyPath: m_LocalPosition.z
      value: 0
      objectReference: {fileID: 0}
    - target: {fileID: 3402524971907434746, guid: cc9874676f79d014c8426d214123da6b,
        type: 3}
      propertyPath: m_LocalRotation.w
      value: 1
      objectReference: {fileID: 0}
    - target: {fileID: 3402524971907434746, guid: cc9874676f79d014c8426d214123da6b,
        type: 3}
      propertyPath: m_LocalRotation.x
      value: -0
      objectReference: {fileID: 0}
    - target: {fileID: 3402524971907434746, guid: cc9874676f79d014c8426d214123da6b,
        type: 3}
      propertyPath: m_LocalRotation.y
      value: -0
      objectReference: {fileID: 0}
    - target: {fileID: 3402524971907434746, guid: cc9874676f79d014c8426d214123da6b,
        type: 3}
      propertyPath: m_LocalRotation.z
      value: -0
      objectReference: {fileID: 0}
    - target: {fileID: 3402524971907434746, guid: cc9874676f79d014c8426d214123da6b,
        type: 3}
      propertyPath: m_LocalEulerAnglesHint.x
      value: 0
      objectReference: {fileID: 0}
    - target: {fileID: 3402524971907434746, guid: cc9874676f79d014c8426d214123da6b,
        type: 3}
      propertyPath: m_LocalEulerAnglesHint.y
      value: 0
      objectReference: {fileID: 0}
    - target: {fileID: 3402524971907434746, guid: cc9874676f79d014c8426d214123da6b,
        type: 3}
      propertyPath: m_LocalEulerAnglesHint.z
      value: 0
      objectReference: {fileID: 0}
    m_RemovedComponents: []
  m_SourcePrefab: {fileID: 100100000, guid: cc9874676f79d014c8426d214123da6b, type: 3}
--- !u!1 &4637947481286056255 stripped
GameObject:
  m_CorrespondingSourceObject: {fileID: 2626692338512040512, guid: cc9874676f79d014c8426d214123da6b,
    type: 3}
  m_PrefabInstance: {fileID: 7218899025556736895}
  m_PrefabAsset: {fileID: 0}
--- !u!4 &5410683551216124805 stripped
Transform:
  m_CorrespondingSourceObject: {fileID: 3402524971907434746, guid: cc9874676f79d014c8426d214123da6b,
    type: 3}
  m_PrefabInstance: {fileID: 7218899025556736895}
  m_PrefabAsset: {fileID: 0}
--- !u!1001 &7218899027255374199
PrefabInstance:
  m_ObjectHideFlags: 0
  serializedVersion: 2
  m_Modification:
    m_TransformParent: {fileID: 7218899027084138317}
    m_Modifications:
    - target: {fileID: 276831384892785837, guid: 5eb2dd14812943f47bd583183b297eb3,
        type: 3}
      propertyPath: m_RootOrder
      value: 2
      objectReference: {fileID: 0}
    - target: {fileID: 276831384892785837, guid: 5eb2dd14812943f47bd583183b297eb3,
        type: 3}
      propertyPath: m_LocalPosition.x
      value: 0
      objectReference: {fileID: 0}
    - target: {fileID: 276831384892785837, guid: 5eb2dd14812943f47bd583183b297eb3,
        type: 3}
      propertyPath: m_LocalPosition.y
      value: 0
      objectReference: {fileID: 0}
    - target: {fileID: 276831384892785837, guid: 5eb2dd14812943f47bd583183b297eb3,
        type: 3}
      propertyPath: m_LocalPosition.z
      value: 0
      objectReference: {fileID: 0}
    - target: {fileID: 276831384892785837, guid: 5eb2dd14812943f47bd583183b297eb3,
        type: 3}
      propertyPath: m_LocalRotation.w
      value: 1
      objectReference: {fileID: 0}
    - target: {fileID: 276831384892785837, guid: 5eb2dd14812943f47bd583183b297eb3,
        type: 3}
      propertyPath: m_LocalRotation.x
      value: -0
      objectReference: {fileID: 0}
    - target: {fileID: 276831384892785837, guid: 5eb2dd14812943f47bd583183b297eb3,
        type: 3}
      propertyPath: m_LocalRotation.y
      value: -0
      objectReference: {fileID: 0}
    - target: {fileID: 276831384892785837, guid: 5eb2dd14812943f47bd583183b297eb3,
        type: 3}
      propertyPath: m_LocalRotation.z
      value: -0
      objectReference: {fileID: 0}
    - target: {fileID: 276831384892785837, guid: 5eb2dd14812943f47bd583183b297eb3,
        type: 3}
      propertyPath: m_LocalEulerAnglesHint.x
      value: 0
      objectReference: {fileID: 0}
    - target: {fileID: 276831384892785837, guid: 5eb2dd14812943f47bd583183b297eb3,
        type: 3}
      propertyPath: m_LocalEulerAnglesHint.y
      value: 0
      objectReference: {fileID: 0}
    - target: {fileID: 276831384892785837, guid: 5eb2dd14812943f47bd583183b297eb3,
        type: 3}
      propertyPath: m_LocalEulerAnglesHint.z
      value: 0
      objectReference: {fileID: 0}
    - target: {fileID: 620458814390836759, guid: 5eb2dd14812943f47bd583183b297eb3,
        type: 3}
      propertyPath: m_Name
      value: StreetTile_1a_c_M
      objectReference: {fileID: 0}
    - target: {fileID: 620458814390836759, guid: 5eb2dd14812943f47bd583183b297eb3,
        type: 3}
      propertyPath: m_IsActive
      value: 0
      objectReference: {fileID: 0}
    m_RemovedComponents: []
  m_SourcePrefab: {fileID: 100100000, guid: 5eb2dd14812943f47bd583183b297eb3, type: 3}
--- !u!4 &7492070889418061274 stripped
Transform:
  m_CorrespondingSourceObject: {fileID: 276831384892785837, guid: 5eb2dd14812943f47bd583183b297eb3,
    type: 3}
  m_PrefabInstance: {fileID: 7218899027255374199}
  m_PrefabAsset: {fileID: 0}
--- !u!1 &7832602441248845664 stripped
GameObject:
  m_CorrespondingSourceObject: {fileID: 620458814390836759, guid: 5eb2dd14812943f47bd583183b297eb3,
    type: 3}
  m_PrefabInstance: {fileID: 7218899027255374199}
  m_PrefabAsset: {fileID: 0}
