%YAML 1.1
%TAG !u! tag:unity3d.com,2011:
--- !u!1 &6865821349129327863
GameObject:
  m_ObjectHideFlags: 0
  m_CorrespondingSourceObject: {fileID: 0}
  m_PrefabInstance: {fileID: 0}
  m_PrefabAsset: {fileID: 0}
  serializedVersion: 6
  m_Component:
  - component: {fileID: 7551433339257049616}
  m_Layer: 0
  m_Name: EffectsPos
  m_TagString: Untagged
  m_Icon: {fileID: 0}
  m_NavMeshLayer: 0
  m_StaticEditorFlags: 0
  m_IsActive: 1
--- !u!4 &7551433339257049616
Transform:
  m_ObjectHideFlags: 0
  m_CorrespondingSourceObject: {fileID: 0}
  m_PrefabInstance: {fileID: 0}
  m_PrefabAsset: {fileID: 0}
  m_GameObject: {fileID: 6865821349129327863}
  m_LocalRotation: {x: 0, y: 0, z: 0, w: 1}
  m_LocalPosition: {x: 0.8, y: 0.5, z: -0.8}
  m_LocalScale: {x: 1, y: 1, z: 1}
  m_Children: []
  m_Father: {fileID: 8027620371769292921}
  m_RootOrder: 3
  m_LocalEulerAnglesHint: {x: 0, y: 0, z: 0}
--- !u!1 &9072336491180834592
GameObject:
  m_ObjectHideFlags: 0
  m_CorrespondingSourceObject: {fileID: 0}
  m_PrefabInstance: {fileID: 0}
  m_PrefabAsset: {fileID: 0}
  serializedVersion: 6
  m_Component:
  - component: {fileID: 8027620371769292921}
  - component: {fileID: 8411244747935693183}
  - component: {fileID: 1620522442976128567}
  m_Layer: 0
  m_Name: StreetTile_Sidewalk_4b
  m_TagString: Untagged
  m_Icon: {fileID: 0}
  m_NavMeshLayer: 0
  m_StaticEditorFlags: 0
  m_IsActive: 1
--- !u!4 &8027620371769292921
Transform:
  m_ObjectHideFlags: 0
  m_CorrespondingSourceObject: {fileID: 0}
  m_PrefabInstance: {fileID: 0}
  m_PrefabAsset: {fileID: 0}
  m_GameObject: {fileID: 9072336491180834592}
  m_LocalRotation: {x: 0, y: 0, z: 0, w: 1}
  m_LocalPosition: {x: 0, y: 0, z: 0}
  m_LocalScale: {x: 1, y: 1, z: 1}
  m_Children:
  - {fileID: 5955484110440504128}
  - {fileID: 2556748840598331756}
  - {fileID: 399459211288131960}
  - {fileID: 7551433339257049616}
  m_Father: {fileID: 0}
  m_RootOrder: 0
  m_LocalEulerAnglesHint: {x: 0, y: 0, z: 0}
--- !u!114 &8411244747935693183
MonoBehaviour:
  m_ObjectHideFlags: 0
  m_CorrespondingSourceObject: {fileID: 0}
  m_PrefabInstance: {fileID: 0}
  m_PrefabAsset: {fileID: 0}
  m_GameObject: {fileID: 9072336491180834592}
  m_Enabled: 1
  m_EditorHideFlags: 0
  m_Script: {fileID: 11500000, guid: 45eed7ae8e28c6d4f91a197123488dfa, type: 3}
  m_Name: 
  m_EditorClassIdentifier: 
  gridSize: {x: 1.6, y: 0, z: 1.6}
--- !u!114 &1620522442976128567
MonoBehaviour:
  m_ObjectHideFlags: 0
  m_CorrespondingSourceObject: {fileID: 0}
  m_PrefabInstance: {fileID: 0}
  m_PrefabAsset: {fileID: 0}
  m_GameObject: {fileID: 9072336491180834592}
  m_Enabled: 1
  m_EditorHideFlags: 0
  m_Script: {fileID: 11500000, guid: bc398805fb323d14dbaeab13d184d549, type: 3}
  m_Name: 
  m_EditorClassIdentifier: 
  NoDamageTile: {fileID: 6480101049011683834}
  MinorDamageTile: {fileID: 2896013755302362070}
  MajorDamageTile: {fileID: 1063125102354654146}
  DamageEffects: {fileID: 4772858015973803246, guid: 7b8f6395e43d14b43b4dd5d0d892e75e,
    type: 3}
  DamageEffectsTransform: {fileID: 7551433339257049616}
  maxHealth: 200
  health: 0
  percentChanceOfDamage: 0.5
  damage: 50
  minorMaxDamagePercent: 0.75
  majorMaxDamagePercent: 1
--- !u!1001 &4808961444958311601
PrefabInstance:
  m_ObjectHideFlags: 0
  serializedVersion: 2
  m_Modification:
    m_TransformParent: {fileID: 8027620371769292921}
    m_Modifications:
    - target: {fileID: 1160518899049959409, guid: a060bcdd50684e447b0aea68b7757cbe,
        type: 3}
      propertyPath: m_RootOrder
      value: 0
      objectReference: {fileID: 0}
    - target: {fileID: 1160518899049959409, guid: a060bcdd50684e447b0aea68b7757cbe,
        type: 3}
      propertyPath: m_LocalPosition.x
      value: 0
      objectReference: {fileID: 0}
    - target: {fileID: 1160518899049959409, guid: a060bcdd50684e447b0aea68b7757cbe,
        type: 3}
      propertyPath: m_LocalPosition.y
      value: 0
      objectReference: {fileID: 0}
    - target: {fileID: 1160518899049959409, guid: a060bcdd50684e447b0aea68b7757cbe,
        type: 3}
      propertyPath: m_LocalPosition.z
      value: 0
      objectReference: {fileID: 0}
    - target: {fileID: 1160518899049959409, guid: a060bcdd50684e447b0aea68b7757cbe,
        type: 3}
      propertyPath: m_LocalRotation.w
      value: 1
      objectReference: {fileID: 0}
    - target: {fileID: 1160518899049959409, guid: a060bcdd50684e447b0aea68b7757cbe,
        type: 3}
      propertyPath: m_LocalRotation.x
      value: 0
      objectReference: {fileID: 0}
    - target: {fileID: 1160518899049959409, guid: a060bcdd50684e447b0aea68b7757cbe,
        type: 3}
      propertyPath: m_LocalRotation.y
      value: -0
      objectReference: {fileID: 0}
    - target: {fileID: 1160518899049959409, guid: a060bcdd50684e447b0aea68b7757cbe,
        type: 3}
      propertyPath: m_LocalRotation.z
      value: -0
      objectReference: {fileID: 0}
    - target: {fileID: 1160518899049959409, guid: a060bcdd50684e447b0aea68b7757cbe,
        type: 3}
      propertyPath: m_LocalEulerAnglesHint.x
      value: 0
      objectReference: {fileID: 0}
    - target: {fileID: 1160518899049959409, guid: a060bcdd50684e447b0aea68b7757cbe,
        type: 3}
      propertyPath: m_LocalEulerAnglesHint.y
      value: 0
      objectReference: {fileID: 0}
    - target: {fileID: 1160518899049959409, guid: a060bcdd50684e447b0aea68b7757cbe,
        type: 3}
      propertyPath: m_LocalEulerAnglesHint.z
      value: 0
      objectReference: {fileID: 0}
    - target: {fileID: 1968404431060882763, guid: a060bcdd50684e447b0aea68b7757cbe,
        type: 3}
      propertyPath: m_Name
      value: StreetTile_Sidewalk_4
      objectReference: {fileID: 0}
    m_RemovedComponents: []
  m_SourcePrefab: {fileID: 100100000, guid: a060bcdd50684e447b0aea68b7757cbe, type: 3}
--- !u!1 &6480101049011683834 stripped
GameObject:
  m_CorrespondingSourceObject: {fileID: 1968404431060882763, guid: a060bcdd50684e447b0aea68b7757cbe,
    type: 3}
  m_PrefabInstance: {fileID: 4808961444958311601}
  m_PrefabAsset: {fileID: 0}
--- !u!4 &5955484110440504128 stripped
Transform:
  m_CorrespondingSourceObject: {fileID: 1160518899049959409, guid: a060bcdd50684e447b0aea68b7757cbe,
    type: 3}
  m_PrefabInstance: {fileID: 4808961444958311601}
  m_PrefabAsset: {fileID: 0}
--- !u!1001 &4871609992155563044
PrefabInstance:
  m_ObjectHideFlags: 0
  serializedVersion: 2
  m_Modification:
    m_TransformParent: {fileID: 8027620371769292921}
    m_Modifications:
    - target: {fileID: 5048611544078433628, guid: b2357f24b3e141143bca81aa66a1879b,
        type: 3}
      propertyPath: m_RootOrder
      value: 2
      objectReference: {fileID: 0}
    - target: {fileID: 5048611544078433628, guid: b2357f24b3e141143bca81aa66a1879b,
        type: 3}
      propertyPath: m_LocalPosition.x
      value: -5.11
      objectReference: {fileID: 0}
    - target: {fileID: 5048611544078433628, guid: b2357f24b3e141143bca81aa66a1879b,
        type: 3}
      propertyPath: m_LocalPosition.y
      value: 0
      objectReference: {fileID: 0}
    - target: {fileID: 5048611544078433628, guid: b2357f24b3e141143bca81aa66a1879b,
        type: 3}
      propertyPath: m_LocalPosition.z
      value: -1.84
      objectReference: {fileID: 0}
    - target: {fileID: 5048611544078433628, guid: b2357f24b3e141143bca81aa66a1879b,
        type: 3}
      propertyPath: m_LocalRotation.w
      value: 1
      objectReference: {fileID: 0}
    - target: {fileID: 5048611544078433628, guid: b2357f24b3e141143bca81aa66a1879b,
        type: 3}
      propertyPath: m_LocalRotation.x
      value: 0
      objectReference: {fileID: 0}
    - target: {fileID: 5048611544078433628, guid: b2357f24b3e141143bca81aa66a1879b,
        type: 3}
      propertyPath: m_LocalRotation.y
      value: -0
      objectReference: {fileID: 0}
    - target: {fileID: 5048611544078433628, guid: b2357f24b3e141143bca81aa66a1879b,
        type: 3}
      propertyPath: m_LocalRotation.z
      value: -0
      objectReference: {fileID: 0}
    - target: {fileID: 5048611544078433628, guid: b2357f24b3e141143bca81aa66a1879b,
        type: 3}
      propertyPath: m_LocalEulerAnglesHint.x
      value: 0
      objectReference: {fileID: 0}
    - target: {fileID: 5048611544078433628, guid: b2357f24b3e141143bca81aa66a1879b,
        type: 3}
      propertyPath: m_LocalEulerAnglesHint.y
      value: 0
      objectReference: {fileID: 0}
    - target: {fileID: 5048611544078433628, guid: b2357f24b3e141143bca81aa66a1879b,
        type: 3}
      propertyPath: m_LocalEulerAnglesHint.z
      value: 0
      objectReference: {fileID: 0}
    - target: {fileID: 5574213752150779878, guid: b2357f24b3e141143bca81aa66a1879b,
        type: 3}
      propertyPath: m_Name
      value: StreetTile_Sidewalk_4b_M
      objectReference: {fileID: 0}
    m_RemovedComponents: []
  m_SourcePrefab: {fileID: 100100000, guid: b2357f24b3e141143bca81aa66a1879b, type: 3}
--- !u!1 &1063125102354654146 stripped
GameObject:
  m_CorrespondingSourceObject: {fileID: 5574213752150779878, guid: b2357f24b3e141143bca81aa66a1879b,
    type: 3}
  m_PrefabInstance: {fileID: 4871609992155563044}
  m_PrefabAsset: {fileID: 0}
--- !u!4 &399459211288131960 stripped
Transform:
  m_CorrespondingSourceObject: {fileID: 5048611544078433628, guid: b2357f24b3e141143bca81aa66a1879b,
    type: 3}
  m_PrefabInstance: {fileID: 4871609992155563044}
  m_PrefabAsset: {fileID: 0}
--- !u!1001 &5039718243223487518
PrefabInstance:
  m_ObjectHideFlags: 0
  serializedVersion: 2
  m_Modification:
    m_TransformParent: {fileID: 8027620371769292921}
    m_Modifications:
    - target: {fileID: 7389220118605407602, guid: 6f775be34ae668f4f87132f931204c14,
        type: 3}
      propertyPath: m_RootOrder
      value: 1
      objectReference: {fileID: 0}
    - target: {fileID: 7389220118605407602, guid: 6f775be34ae668f4f87132f931204c14,
        type: 3}
      propertyPath: m_LocalPosition.x
      value: 0
      objectReference: {fileID: 0}
    - target: {fileID: 7389220118605407602, guid: 6f775be34ae668f4f87132f931204c14,
        type: 3}
      propertyPath: m_LocalPosition.y
      value: 0
      objectReference: {fileID: 0}
    - target: {fileID: 7389220118605407602, guid: 6f775be34ae668f4f87132f931204c14,
        type: 3}
      propertyPath: m_LocalPosition.z
      value: 0
      objectReference: {fileID: 0}
    - target: {fileID: 7389220118605407602, guid: 6f775be34ae668f4f87132f931204c14,
        type: 3}
      propertyPath: m_LocalRotation.w
      value: 1
      objectReference: {fileID: 0}
    - target: {fileID: 7389220118605407602, guid: 6f775be34ae668f4f87132f931204c14,
        type: 3}
      propertyPath: m_LocalRotation.x
      value: 0
      objectReference: {fileID: 0}
    - target: {fileID: 7389220118605407602, guid: 6f775be34ae668f4f87132f931204c14,
        type: 3}
      propertyPath: m_LocalRotation.y
      value: -0
      objectReference: {fileID: 0}
    - target: {fileID: 7389220118605407602, guid: 6f775be34ae668f4f87132f931204c14,
        type: 3}
      propertyPath: m_LocalRotation.z
      value: -0
      objectReference: {fileID: 0}
    - target: {fileID: 7389220118605407602, guid: 6f775be34ae668f4f87132f931204c14,
        type: 3}
      propertyPath: m_LocalEulerAnglesHint.x
      value: 0
      objectReference: {fileID: 0}
    - target: {fileID: 7389220118605407602, guid: 6f775be34ae668f4f87132f931204c14,
        type: 3}
      propertyPath: m_LocalEulerAnglesHint.y
      value: 0
      objectReference: {fileID: 0}
    - target: {fileID: 7389220118605407602, guid: 6f775be34ae668f4f87132f931204c14,
        type: 3}
      propertyPath: m_LocalEulerAnglesHint.z
      value: 0
      objectReference: {fileID: 0}
    - target: {fileID: 7908347474771017672, guid: 6f775be34ae668f4f87132f931204c14,
        type: 3}
      propertyPath: m_Name
      value: StreetTile_Sidewalk_4b_mi
      objectReference: {fileID: 0}
    m_RemovedComponents: []
  m_SourcePrefab: {fileID: 100100000, guid: 6f775be34ae668f4f87132f931204c14, type: 3}
--- !u!1 &2896013755302362070 stripped
GameObject:
  m_CorrespondingSourceObject: {fileID: 7908347474771017672, guid: 6f775be34ae668f4f87132f931204c14,
    type: 3}
  m_PrefabInstance: {fileID: 5039718243223487518}
  m_PrefabAsset: {fileID: 0}
--- !u!4 &2556748840598331756 stripped
Transform:
  m_CorrespondingSourceObject: {fileID: 7389220118605407602, guid: 6f775be34ae668f4f87132f931204c14,
    type: 3}
  m_PrefabInstance: {fileID: 5039718243223487518}
  m_PrefabAsset: {fileID: 0}
