%YAML 1.1
%TAG !u! tag:unity3d.com,2011:
--- !u!1 &7906667227691980219
GameObject:
  m_ObjectHideFlags: 0
  m_CorrespondingSourceObject: {fileID: 0}
  m_PrefabInstance: {fileID: 0}
  m_PrefabAsset: {fileID: 0}
  serializedVersion: 6
  m_Component:
  - component: {fileID: 7906667227691980217}
  - component: {fileID: 7906667227691980216}
  m_Layer: 0
  m_Name: Construction_Barricade1_Breakable
  m_TagString: Untagged
  m_Icon: {fileID: 0}
  m_NavMeshLayer: 0
  m_StaticEditorFlags: 0
  m_IsActive: 1
--- !u!4 &7906667227691980217
Transform:
  m_ObjectHideFlags: 0
  m_CorrespondingSourceObject: {fileID: 0}
  m_PrefabInstance: {fileID: 0}
  m_PrefabAsset: {fileID: 0}
  m_GameObject: {fileID: 7906667227691980219}
  m_LocalRotation: {x: 0, y: 0, z: 0, w: 1}
  m_LocalPosition: {x: 0, y: 0, z: 5.47}
  m_LocalScale: {x: 1, y: 1, z: 1}
  m_Children:
  - {fileID: 7651798899838982926}
  - {fileID: 1340151680316973426}
  m_Father: {fileID: 0}
  m_RootOrder: 0
  m_LocalEulerAnglesHint: {x: 0, y: 0, z: 0}
--- !u!114 &7906667227691980216
MonoBehaviour:
  m_ObjectHideFlags: 0
  m_CorrespondingSourceObject: {fileID: 0}
  m_PrefabInstance: {fileID: 0}
  m_PrefabAsset: {fileID: 0}
  m_GameObject: {fileID: 7906667227691980219}
  m_Enabled: 1
  m_EditorHideFlags: 0
  m_Script: {fileID: 11500000, guid: 5c216a2f02f5fce44bc75b578b40b8ac, type: 3}
  m_Name: 
  m_EditorClassIdentifier: 
  DefaultVersion: {fileID: 7024337934078755252}
  BrokenVersion: {fileID: 1860827183163898824}
  DamageEffects: {fileID: 0}
  BreakEffects: {fileID: 0}
  hasHealth: 1
  maxHealth: 100
  health: 0
  maxRangeToBreak: 1.5
  damage: 100
--- !u!1001 &3722884840613655273
PrefabInstance:
  m_ObjectHideFlags: 0
  serializedVersion: 2
  m_Modification:
    m_TransformParent: {fileID: 7906667227691980217}
    m_Modifications:
    - target: {fileID: 5967601747209122653, guid: 7f59d8efe1b01e24789fb111c4f669f6,
        type: 3}
      propertyPath: m_Name
      value: Construction_Barricade1
      objectReference: {fileID: 0}
    - target: {fileID: 6456752872734730727, guid: 7f59d8efe1b01e24789fb111c4f669f6,
        type: 3}
      propertyPath: m_RootOrder
      value: 0
      objectReference: {fileID: 0}
    - target: {fileID: 6456752872734730727, guid: 7f59d8efe1b01e24789fb111c4f669f6,
        type: 3}
      propertyPath: m_LocalPosition.x
      value: 0
      objectReference: {fileID: 0}
    - target: {fileID: 6456752872734730727, guid: 7f59d8efe1b01e24789fb111c4f669f6,
        type: 3}
      propertyPath: m_LocalPosition.y
      value: 0.525
      objectReference: {fileID: 0}
    - target: {fileID: 6456752872734730727, guid: 7f59d8efe1b01e24789fb111c4f669f6,
        type: 3}
      propertyPath: m_LocalPosition.z
      value: 0
      objectReference: {fileID: 0}
    - target: {fileID: 6456752872734730727, guid: 7f59d8efe1b01e24789fb111c4f669f6,
        type: 3}
      propertyPath: m_LocalRotation.w
      value: 1
      objectReference: {fileID: 0}
    - target: {fileID: 6456752872734730727, guid: 7f59d8efe1b01e24789fb111c4f669f6,
        type: 3}
      propertyPath: m_LocalRotation.x
      value: -0
      objectReference: {fileID: 0}
    - target: {fileID: 6456752872734730727, guid: 7f59d8efe1b01e24789fb111c4f669f6,
        type: 3}
      propertyPath: m_LocalRotation.y
      value: -0
      objectReference: {fileID: 0}
    - target: {fileID: 6456752872734730727, guid: 7f59d8efe1b01e24789fb111c4f669f6,
        type: 3}
      propertyPath: m_LocalRotation.z
      value: -0
      objectReference: {fileID: 0}
    - target: {fileID: 6456752872734730727, guid: 7f59d8efe1b01e24789fb111c4f669f6,
        type: 3}
      propertyPath: m_LocalEulerAnglesHint.x
      value: 0
      objectReference: {fileID: 0}
    - target: {fileID: 6456752872734730727, guid: 7f59d8efe1b01e24789fb111c4f669f6,
        type: 3}
      propertyPath: m_LocalEulerAnglesHint.y
      value: 0
      objectReference: {fileID: 0}
    - target: {fileID: 6456752872734730727, guid: 7f59d8efe1b01e24789fb111c4f669f6,
        type: 3}
      propertyPath: m_LocalEulerAnglesHint.z
      value: 0
      objectReference: {fileID: 0}
    m_RemovedComponents: []
  m_SourcePrefab: {fileID: 100100000, guid: 7f59d8efe1b01e24789fb111c4f669f6, type: 3}
--- !u!1 &7024337934078755252 stripped
GameObject:
  m_CorrespondingSourceObject: {fileID: 5967601747209122653, guid: 7f59d8efe1b01e24789fb111c4f669f6,
    type: 3}
  m_PrefabInstance: {fileID: 3722884840613655273}
  m_PrefabAsset: {fileID: 0}
--- !u!4 &7651798899838982926 stripped
Transform:
  m_CorrespondingSourceObject: {fileID: 6456752872734730727, guid: 7f59d8efe1b01e24789fb111c4f669f6,
    type: 3}
  m_PrefabInstance: {fileID: 3722884840613655273}
  m_PrefabAsset: {fileID: 0}
--- !u!1001 &8067589676123221746
PrefabInstance:
  m_ObjectHideFlags: 0
  serializedVersion: 2
  m_Modification:
    m_TransformParent: {fileID: 7906667227691980217}
    m_Modifications:
    - target: {fileID: 8513820245896533306, guid: bb454294daa98ee4e8b496a30d47e849,
        type: 3}
      propertyPath: m_Name
      value: Construction_Barricade1_Broken
      objectReference: {fileID: 0}
    - target: {fileID: 8513820245896533306, guid: bb454294daa98ee4e8b496a30d47e849,
        type: 3}
      propertyPath: m_IsActive
      value: 0
      objectReference: {fileID: 0}
    - target: {fileID: 9037874303428808576, guid: bb454294daa98ee4e8b496a30d47e849,
        type: 3}
      propertyPath: m_RootOrder
      value: 1
      objectReference: {fileID: 0}
    - target: {fileID: 9037874303428808576, guid: bb454294daa98ee4e8b496a30d47e849,
        type: 3}
      propertyPath: m_LocalPosition.x
      value: 0
      objectReference: {fileID: 0}
    - target: {fileID: 9037874303428808576, guid: bb454294daa98ee4e8b496a30d47e849,
        type: 3}
      propertyPath: m_LocalPosition.y
      value: 0.525
      objectReference: {fileID: 0}
    - target: {fileID: 9037874303428808576, guid: bb454294daa98ee4e8b496a30d47e849,
        type: 3}
      propertyPath: m_LocalPosition.z
      value: 0
      objectReference: {fileID: 0}
    - target: {fileID: 9037874303428808576, guid: bb454294daa98ee4e8b496a30d47e849,
        type: 3}
      propertyPath: m_LocalRotation.w
      value: 1
      objectReference: {fileID: 0}
    - target: {fileID: 9037874303428808576, guid: bb454294daa98ee4e8b496a30d47e849,
        type: 3}
      propertyPath: m_LocalRotation.x
      value: -0
      objectReference: {fileID: 0}
    - target: {fileID: 9037874303428808576, guid: bb454294daa98ee4e8b496a30d47e849,
        type: 3}
      propertyPath: m_LocalRotation.y
      value: -0
      objectReference: {fileID: 0}
    - target: {fileID: 9037874303428808576, guid: bb454294daa98ee4e8b496a30d47e849,
        type: 3}
      propertyPath: m_LocalRotation.z
      value: -0
      objectReference: {fileID: 0}
    - target: {fileID: 9037874303428808576, guid: bb454294daa98ee4e8b496a30d47e849,
        type: 3}
      propertyPath: m_LocalEulerAnglesHint.x
      value: 0
      objectReference: {fileID: 0}
    - target: {fileID: 9037874303428808576, guid: bb454294daa98ee4e8b496a30d47e849,
        type: 3}
      propertyPath: m_LocalEulerAnglesHint.y
      value: 0
      objectReference: {fileID: 0}
    - target: {fileID: 9037874303428808576, guid: bb454294daa98ee4e8b496a30d47e849,
        type: 3}
      propertyPath: m_LocalEulerAnglesHint.z
      value: 0
      objectReference: {fileID: 0}
    m_RemovedComponents: []
  m_SourcePrefab: {fileID: 100100000, guid: bb454294daa98ee4e8b496a30d47e849, type: 3}
--- !u!1 &1860827183163898824 stripped
GameObject:
  m_CorrespondingSourceObject: {fileID: 8513820245896533306, guid: bb454294daa98ee4e8b496a30d47e849,
    type: 3}
  m_PrefabInstance: {fileID: 8067589676123221746}
  m_PrefabAsset: {fileID: 0}
--- !u!4 &1340151680316973426 stripped
Transform:
  m_CorrespondingSourceObject: {fileID: 9037874303428808576, guid: bb454294daa98ee4e8b496a30d47e849,
    type: 3}
  m_PrefabInstance: {fileID: 8067589676123221746}
  m_PrefabAsset: {fileID: 0}
